<?xml version="1.0" encoding="UTF-8"?><collection xmlns="http://www.loc.gov/MARC21/slim"><record><leader>00350nam--2200133-i-4500</leader><controlfield tag="001">000038324</controlfield><controlfield tag="002">20161230</controlfield><controlfield tag="005">20161230201041</controlfield><controlfield tag="008">060222s1000------------r-----000-0-eng-d</controlfield><datafield ind1=" " ind2=" " tag="080"><subfield code="a">001.89</subfield></datafield><datafield ind1=" " ind2=" " tag="245"><subfield code="a">Les recherches physiques en france</subfield></datafield><datafield ind1=" " ind2=" " tag="260"><subfield code="a">Paris, Imp.Georges Lang, 1948. 31 P</subfield></datafield><datafield ind1=" " ind2=" " tag="490"><subfield code="a">La Documentation Francaise Illustree</subfield></datafield><datafield ind1=" " ind2=" " tag="852"><subfield code="a">13047</subfield></datafield></record></collection>